@article{he2015deep,
  title        = {Deep Residual Learning for Image Recognition},
  author       = {He, Kaiming and Zhang, Xiangyu and Ren, Shaoqing and Sun, Jian},
  journal      = {arXiv preprint arXiv:1512.03385},
  year         = {2015},
  note         = {Submitted on 10 Dec 2015},
  doi          = {10.48550/arXiv.1512.03385},
  url          = {https://doi.org/10.48550/arXiv.1512.03385}
}

@misc{resnet_pytorch,
  title        = {Implement ResNet in PyTorch},
  author       = {Karuneshu},
  howpublished = {\url{https://medium.com/@karuneshu21/how-to-resnet-in-pytorch-9acb01f36cf5}},
  note         = {Accessed: [Insert access date]},
  year         = {n.d.}
}

@inproceedings{hu2018squeeze,
  title       = {Squeeze-and-Excitation Networks},
  author      = {Hu, Jie and Shen, Li and Sun, Gang},
  booktitle   = {Proceedings of the IEEE Conference on Computer Vision and Pattern Recognition},
  pages       = {7132--7141},
  year        = {2018},
  doi         = {10.1109/CVPR.2018.00745},
  url         = {https://openaccess.thecvf.com/content_cvpr_2018/html/Hu_Squeeze-and-Excitation_Networks_CVPR_2018_paper.html}
}

@inproceedings{izmailov2018averaging,
  title       = {Averaging Weights Leads to Wider Optima and Better Generalization},
  author      = {Izmailov, Pavel and Podoprikhin, Dmitry and Garipov, Timur and Vetrov, Dmitry and Wilson, Andrew G.},
  booktitle   = {Proceedings of the International Conference on Machine Learning},
  year        = {2018},
  url         = {https://proceedings.mlr.press/v80/izmailov18a.html}
}

@inproceedings{cubuk2020randaugment,
  title       = {RandAugment: Practical automated data augmentation with a reduced search space},
  author      = {Cubuk, Ekin D. and Zoph, Barret and Shlens, Jonathon and Le, Quoc V.},
  booktitle   = {Proceedings of the IEEE/CVF Conference on Computer Vision and Pattern Recognition Workshops},
  year        = {2020},
  pages       = {702--703},
  doi         = {10.1109/CVPRW50498.2020.00095},
  url         = {https://openaccess.thecvf.com/content_CVPRW_2020/html/SDCA/Cubuk_RandAugment_Practical_Automated_Data_Augmentation_With_a_Reduced_Search_Space_CVPRW_2020_paper.html}
}

@inproceedings{zhang2018mixup,
  title       = {mixup: Beyond Empirical Risk Minimization},
  author      = {Zhang, Hongyi and Cisse, Moustapha and Dauphin, Yann N. and Lopez-Paz, David},
  booktitle   = {International Conference on Learning Representations},
  year        = {2018},
  url         = {https://openreview.net/forum?id=r1Ddp1-Rb}
}

@inproceedings{yun2019cutmix,
  title       = {CutMix: Regularization Strategy to Train Strong Classifiers with Localizable Features},
  author      = {Yun, Sangdoo and Han, Daejin and Oh, Seong Joon and Chun, Sangho and Choe, Junsuk and Yoo, Youngjoon},
  booktitle   = {Proceedings of the IEEE International Conference on Computer Vision},
  year        = {2019},
  pages       = {6023--6032},
  doi         = {10.1109/ICCV.2019.00665},
  url         = {https://openaccess.thecvf.com/content_ICCV_2019/html/Yun_CutMix_Regularization_Strategy_to_Train_Strong_Classifiers_With_Localizable_Features_ICCV_2019_paper.html}
}

@inproceedings{loshchilov2016sgdr,
  title       = {SGDR: Stochastic Gradient Descent with Warm Restarts},
  author      = {Loshchilov, Ilya and Hutter, Frank},
  booktitle   = {International Conference on Learning Representations},
  year        = {2017},
  url         = {https://openreview.net/forum?id=S1m7t-TW}
}

@article{loshchilov2019decoupled,
  title       = {Decoupled Weight Decay Regularization},
  author      = {Loshchilov, Ilya and Hutter, Frank},
  journal     = {arXiv preprint arXiv:1711.05101},
  year        = {2019},
  url         = {https://arxiv.org/abs/1711.05101}
}

@inproceedings{huang2016deep,
  title       = {Deep Networks with Stochastic Depth},
  author      = {Huang, Gao and Sun, Yu and Liu, Zhuang and Sedra, Daniel and Weinberger, Kilian Q.},
  booktitle   = {European Conference on Computer Vision},
  pages       = {646--661},
  year        = {2016},
  doi         = {10.1007/978-3-319-46493-0_39},
  url         = {https://link.springer.com/chapter/10.1007/978-3-319-46493-0_39}
}

@inproceedings{zhong2017random,
  title       = {Random Erasing Data Augmentation},
  author      = {Zhong, Zhun and Zheng, Liang and Li, Guolei and Zhou, Shaozi and Li, Song and Yang, Yibing},
  booktitle   = {Proceedings of the AAAI Conference on Artificial Intelligence},
  year        = {2017},
  volume      = {31},
  number      = {1},
  pages       = {13001--13008},
  url         = {https://ojs.aaai.org/index.php/AAAI/article/view/11594}
}

@inproceedings{szegedy2016rethinking,
  title={Rethinking the Inception Architecture for Computer Vision},
  author={Szegedy, Christian and Vanhoucke, Vincent and Ioffe, Sergey and Shlens, Jonathon and Wojna, Zbigniew},
  booktitle={Proceedings of the IEEE Conference on Computer Vision and Pattern Recognition},
  pages={2818--2826},
  year={2016},
  doi={10.1109/CVPR.2016.308}
}


@inproceedings{goyal2017accurate,
  title={Accurate, Large Minibatch SGD: Training ImageNet in 1 Hour},
  author={Goyal, Priya and Doll{\'a}r, Piotr and Girshick, Ross and Noordhuis, Pierre and Wesolowski, Lukasz and Kyrola, Aapo and Tulloch, Andrey and Jia, Yangqing and He, Kaiming},
  booktitle={Proceedings of the IEEE Conference on Computer Vision and Pattern Recognition},
  year={2017},
  pages={127--135}
}

